
@misc{bib-large-scale,
	author 			= {Fang Zhao},
	title 			= {Large-Scale Transit Network Optimization by Minimizing User Cost and Transfer},
	howpublished 	= {\url{http://131.247.19.1/jpt/pdf/JPT%209-2%20Zhao.pdf}}
}

@misc{bib-ant-colony,
	author 			= {Bin Yu and Zhongzhen Yang and Chuntian Cheng and Chong Liu},
	title 			= {Optimizing Bus Transit Network With Parallel Ant Colony Algorithm},
	howpublished 	= {\url{http://www.easts.info/on-line/proceedings_05/374.pdf}}
}

@misc{bib-route-optimization,
	author 			= {Patricia Jaramillo-Alvarez and Carlos A. Gonzalez-Calderon and Guillermo Gonzalez-Calderon},
	title 			= {Route Optimization of Urban Public Transportation},
	howpublished 	= {\url{http://www.scielo.org.co/scielo.php?script=sci_arttext&pid=S0012-73532013000400006&lng=en&nrm=iso&tlng=en}}
}

@misc{bib-transit-oriented,
	author 			= {Ming Gu and Bin Xu and Yongzhong Hu},
	title 			= {Urban Public Transportation Network Planning Method Based on Transit-oriented Strategy},
	howpublished 	= {\url{http://www.atlantis-press.com/php/download_paper.php?id=2478}}
}

@misc{bib-theoretical-framework,
	author 			= {Jolanta Koszelew},
	title 			= {The Theoretical Framework of the Optimization of Public Transport Travel},
	howpublished 	= {\url{http://jolantakoszelew.pl/attachments/File/The_Theoretical_Framework_of__the_Optimization_of_Public_Transport_Travel.pdf}}
}

@misc{bib-medium-size,
	author 			= {Gaetano Fusco and Stefano Gori and Marco Petrelli},
	title 			= {A Heuristic Transit Network Design Algorithm for Medium Size Towns},
	howpublished 	= {\url{http://www.iasi.cnr.it/ewgt/13conference/116_fusco.pdf}}
}

@misc{bib-metody-intobl,
	title 			= {Metody Inteligencji Obliczeniowej},
	howpublished = {http://dydaktyka.polsl.pl/kwmimkm/MIO%20wyklad3%20do%20druku.pdf}
}
